<record xmlns="http://www.loc.gov/MARC21/slim" xmlns:xsi="http://www.w3.org/2001/XMLSchema-instance" xsi:schemaLocation="http://www.loc.gov/MARC21/slim http://www.loc.gov/standards/marcxml/schema/MARC21slim.xsd"><leader>00037nz   2200037n  4500</leader><controlfield tag="001">DNB|10240951X</controlfield><controlfield tag="003">DNB</controlfield><controlfield tag="005">20080405191001.0</controlfield><controlfield tag="008">930416n||aznnnabbn           | aaa    |c</controlfield><datafield ind1=" " ind2=" " tag="035"><subfield code="a">(DE-101)10240951X</subfield></datafield><datafield ind1=" " ind2=" " tag="035"><subfield code="a">(DE-588a)10240951X</subfield></datafield><datafield ind1=" " ind2=" " tag="040"><subfield code="a">DE-12</subfield><subfield code="b">ger</subfield><subfield code="c">DE-101</subfield><subfield code="e">rakwb</subfield><subfield code="d">9999</subfield></datafield><datafield ind1=" " ind2=" " tag="079"><subfield code="a">p</subfield><subfield code="q">f</subfield><subfield code="q">p</subfield><subfield code="t">12-PAN</subfield></datafield><datafield ind1="0" ind2=" " tag="100"><subfield code="a">Xanthus</subfield><subfield code="c">Lyricus</subfield><subfield code="d">7. Jh. v. Chr.</subfield></datafield><datafield ind1="0" ind2=" " tag="400"><subfield code="a">Xanthos</subfield><subfield code="c">Lyrischer Dichter</subfield><subfield code="d">7. Jh. v. Chr.</subfield></datafield><datafield ind1="0" ind2=" " tag="400"><subfield code="a">Xanto</subfield><subfield code="c">di Magna Grecia</subfield><subfield code="d">7. Jh. v. Chr.</subfield></datafield><datafield ind1="0" ind2=" " tag="400"><subfield code="a">Xanto</subfield><subfield code="c">di Sicilia</subfield><subfield code="d">7. Jh. v. Chr.</subfield></datafield><datafield ind1="0" ind2=" " tag="400"><subfield code="a">Xanthos</subfield><subfield code="c">von Sizilien</subfield><subfield code="d">7. Jh. v. Chr.</subfield></datafield><datafield ind1="0" ind2=" " tag="400"><subfield code="a">Xanthos</subfield><subfield code="c">von Großgriechenland</subfield><subfield code="d">7. Jh. v. Chr.</subfield></datafield><datafield ind1=" " ind2=" " tag="549"><subfield code="w">i</subfield><subfield code="i">Lebensdaten</subfield><subfield code="a">7. Jh. v. Chr.</subfield></datafield><datafield ind1=" " ind2=" " tag="997"><subfield code="a">-600 0 flourished</subfield><subfield code="9">1</subfield></datafield></record>